2758 4440
453 439 545 494 AOT
566 440 597 494 1
642 439 796 495 SCENE
821 442 849 494 1.

187 575 280 629 Mores
291 575 431 643 reveritus,
442 587 523 645 atque
535 579 722 635 misericordie

188 659 341 726 Adductue,
353 660 428 716 illam
440 642 554 714 accessit
565 663 786 718 adolescentulus
873 673 883 694 ¹
900 699 903 706 «

189 745 274 811 Unus,
286 756 314 798 et
324 745 390 798 item
402 746 477 799 alter.
512 746 603 812 Forte,
614 747 652 800 ita
664 759 694 800 ut
704 749 743 813 fit,
755 748 843 804 filium

189 827 344 882 Perduxere
356 829 430 896 illuc,
442 847 537 884 secum
550 841 581 882 ut
592 831 649 884 und
658 842 731 883 esset
741 848 844 886 meum.

189 911 309 981 Egomet
321 913 450 966 continue
461 929 590 966 mecum:
608 913 689 966 Certe
702 925 799 984 captus
810 916 866 968 est!

190 994 295 1048 Habet!
314 997 493 1050 observabam
503 997 652 1064 venientes,
663 1009 712 1051 aut
722 999 829 1067 vesperi

189 1083 347 1150 Abeuntes3
364 1085 567 1154 comperiebam
575 1084 647 1142 'nihil
658 1087 694 1138 ad
707 1086 884 1155 Pamphilum

191 1169 352 1238 Quidquam
364 1172 486 1224 attinere.
518 1157 671 1224 *Enimvero
683 1182 836 1238 spectatum
848 1173 913 1225 satis

191 1253 333 1320 Putabam,
345 1266 372 1309 et
383 1271 516 1324 magnum
528 1255 687 1322 exemplum
700 1256 882 1308 continentiae.

191 1337 263 1390 Cdm
275 1339 303 1391 id
315 1339 384 1392 mihi
395 1339 528 1407 placebat,
538 1350 598 1394 tum
611 1356 669 1392 uno
679 1355 726 1392 ore
738 1355 835 1392 omnes
847 1339 940 1392 omnia

151 1418 153 1422 ’
191 1420 271 1474 Boua
282 1421 380 1488 dicere,
393 1433 420 1475 et
431 1422 541 1475 laudere
554 1409 676 1476 fortunas
688 1439 772 1488 meaa,

192 1504 250 1563 Qui
262 1515 376 1573 gnatum
387 1505 517 1558 haberem
529 1506 594 1558 teli'
587 1507 698 1574 rugenio
710 1507 864 1575 proeditum

192 1588 269 1647 ouid
280 1589 370 1643 verbis
382 1605 452 1658 opus
463 1589 521 1643 est?
539 1590 593 1643 hic
605 1590 679 1642 same
691 1591 826 1659 impulsus
838 1590 980 1678 Chremes,
1039 1632 1042 1638 .

191 1669 268 1726 Ult'ro
280 1674 315 1725 ed
326 1690 372 1726 me
384 1673 467 1738 venit,
479 1673 591 1726 unicam
603 1681 713 1741 gnatain
725 1691 805 1727 suem

191 1756 265 1808 Cum
278 1755 341 1808 dote
353 1755 463 1808 summi
474 1755 532 1830 lilio
544 1772 658 1809 uxorem
670 1767 701 1810 ut
713 1757 797 1810 deret.

193 1840 315 1904 Placuit3
331 1839 479 1908 despondit
498 1840 544 1894 hic
555 1842 658 1909 nuptiis
669 1843 759 1896 dictus
770 1853 811 1896 est
822 1843 888 1896 dies.
949 1887 951 1894 .

177 1959 179 1966 -
229 1923 386 1994 ,ἕω-01111
399 1923 494 1988 obstat,
505 1941 556 1976 cur
565 1941 623 1982 non
635 1941 707 1991 verce
719 1926 806 1978 fiant?

630 2072 636 2078 ,
752 2010 940 2066 st-Audies.

194 2096 264 2148 Fere
277 2095 306 2148 in
318 2095 416 2148 diebus
427 2095 531 2163 paucis,
543 2097 642 2163 quibus
652 2096 714 2158 ‚hec
727 2104 788 2148 acta
799 2106 870 2161 aunt,
967 2125 970 2132 ·

194 2180 308 2248 Chrysis
319 2169 482 2234 vicinabaec
493 2181 614 2234 motion.
663 2203 666 2210 ·

614 2265 723 2320 sa-o.
732 2265 835 2320 sectum
847 2267 933 2318 bene!

195 2349 303 2414 Bedsti3
320 2350 405 2402 metui
417 2367 434 2402 a
445 2345 588 2420 Chryside.

591 2434 631 2488 Si.
631 2435 709 2487 -Ibi
720 2447 780 2488 ιιιιιι
792 2435 865 2488 lilius

196 2520 270 2572 Cum
281 2519 342 2585 illis,
354 2519 402 2584 qui
413 2519 548 2572 adibant
536 2519 708 2588 Chrysidem,
720 2520 776 2571 uni
787 2518 880 2572 aderat
891 2518 1034 2641 frequens.

196 2603 316 2657 Curabat
327 2605 383 2657 una
395 2604 494 2670 funus,
511 2604 593 2656 tristis
604 2604 721 2670 interim,
900 2655 904 2661 .

195 2687 404 2757 Nonnunquam
416 2689 636 2742 eollaerumabat.
672 2689 777 2740 Placuit
788 2699 849 2742 tum
860 2688 890 2741 id
900 2633 985 2742 ιιιί1ι1ι

197 2771 245 2824 Sic
256 2773 428 2841 cogitabam
444 2771 498 2826 Hic
499 2790 610 2842 ‚parvae
622 2766 827 2825 consuetudinis
941 2807 949 2818 -

197 2855 289 2908 Causd
290 2856 391 2925 ,hujus
403 2867 519 2910 mortem
530 2868 587 2910 tam
598 2857 651 2909 fert
662 2857 840 2910 familiariter.
922 2848 925 2852 ’

198 2938 284 3005 Quid,
296 2941 318 2992 si
316 2941 389 3022 ipse
401 2941 539 2994 undeset?
558 2941 624 3009 quid
636 2940 682 2992 hic
694 2941 762 2994 milri
773 2940 862 3005 feciet,
873 2923 963 3009 patri?

197 3023 266 3090 Haeq
279 3042 330 3094 ego
343 3025 473 3094 putebem
484 3036 544 3078 esse
556 3027 652 3078 omnia
661 3027 775 3092 humani
787 3027 888 3095 ingeni,

197 3109 390 3178 Mansuetique
401 3109 486 3162 animi
497 3099 595 3164 officia.
628 3111 707 3169 Quid
720 3111 812 3164 multis
824 3111 935 3166 moror?

198 3194 318 3262 Egomet
328 3211 438 3264 quoque
450 3195 509 3264 ejus
521 3197 604 3250 cause
614 3197 644 3248 in
656 3195 739 3248 strnue
750 3196 862 3267 prodeo,

198 3278 276 3331 Nihil
287 3279 429 3348 suspicans
440 3281 523 3334 etiem
534 3281 607 3334 mali.
732 3273 748 3304 ⁸

439 3368 444 3376 ¹
576 3365 745 3430 εον-1111111,
758 3363 823 3434 qnid
835 3365 898 3419 ffii?

875 3425 1035 3505 stt-Seios.

200 3531 336 3585 Effertur:
354 3533 433 3587 imus.
470 3534 595 3588 Interea
588 3545 658 3588 inter
668 3537 805 3602 mulieres,

202 3616 273 3676 Qute
285 3617 323 3669 ibi
334 3616 458 3694 aderant,
466 3617 535 3672 torta
545 3635 630 3674 unam
641 3621 744 3689 espicio
756 3615 995 3698 adolescentulam
